<record><leader>00000cas a2200000 a 4500</leader><controlfield tag="001">13763827</controlfield><controlfield tag="008">860623d18991928okuwr ne      0    0eng d</controlfield><datafield ind1=" " ind2=" " tag="010"><subfield code="a">sn 86064112 </subfield></datafield><datafield ind1=" " ind2=" " tag="040"><subfield code="a">KSH</subfield><subfield code="b">eng</subfield><subfield code="c">KSH</subfield><subfield code="d">NPT</subfield><subfield code="d">OBN</subfield><subfield code="d">OCL</subfield><subfield code="d">OCLCQ</subfield><subfield code="d">OCLCO</subfield></datafield><datafield ind1="1" ind2=" " tag="029"><subfield code="a">AU@</subfield><subfield code="b">000022169671</subfield></datafield><datafield ind1=" " ind2=" " tag="042"><subfield code="a">msc</subfield></datafield><datafield ind1=" " ind2=" " tag="043"><subfield code="a">n-us-ok</subfield></datafield><datafield ind1="0" ind2="4" tag="245"><subfield code="a">The Republican news journal.</subfield></datafield><datafield ind1=" " ind2=" " tag="260"><subfield code="a">Newkirk, Okla. :</subfield><subfield code="b">Republican News Journal Pub. Co.</subfield></datafield><datafield ind1=" " ind2=" " tag="300"><subfield code="a">v.</subfield></datafield><datafield ind1=" " ind2=" " tag="310"><subfield code="a">Weekly</subfield></datafield><datafield ind1="0" ind2=" " tag="362"><subfield code="a">Vol. 6, no. 14 (Jan. 13, 1899)-v. 35, no. 39 (Apr. 27, 1928).</subfield></datafield><datafield ind1=" " ind2=" " tag="580"><subfield code="a">Formed by the merger of: Newkirk and Kay County republican, and: Newkirk news, and: Kildare journal.</subfield></datafield><datafield ind1=" " ind2="0" tag="651"><subfield code="a">Newkirk (Okla.)</subfield><subfield code="v">Newspapers.</subfield></datafield><datafield ind1=" " ind2="0" tag="651"><subfield code="a">Kay County (Okla.)</subfield><subfield code="v">Newspapers.</subfield></datafield><datafield ind1=" " ind2="0" tag="651"><subfield code="a">Oklahoma Territory (Okla.)</subfield><subfield code="v">Newspapers.</subfield></datafield><datafield ind1=" " ind2=" " tag="752"><subfield code="a">United States</subfield><subfield code="b">Oklahoma</subfield><subfield code="c">Kay</subfield><subfield code="d">Newkirk.</subfield></datafield><datafield ind1="0" ind2="4" tag="780"><subfield code="t">Newkirk and Kay County republican</subfield><subfield code="w">(DLC)sn 86064111</subfield><subfield code="w">(OCoLC)13763843</subfield></datafield><datafield ind1="0" ind2="4" tag="780"><subfield code="t">Newkirk news</subfield></datafield><datafield ind1="1" ind2="4" tag="780"><subfield code="t">Kildare journal</subfield><subfield code="w">(DLC)sn 97064842</subfield><subfield code="w">(OCoLC)36815462</subfield></datafield><datafield ind1="0" ind2="7" tag="785"><subfield code="t">Democrat-herald (Newkirk, Okla.)</subfield><subfield code="w">(DLC)sn 97064865</subfield><subfield code="w">(OCoLC)36886965</subfield></datafield><datafield ind1="0" ind2="7" tag="785"><subfield code="t">Newkirk herald journal</subfield><subfield code="w">(DLC)sn 97064868</subfield><subfield code="w">(OCoLC)36887246</subfield></datafield></record>